@Book{Digital_image_processing ,
author = {Gonzalez RC, Woods RE},
title = {Digital Image Processing.},
publisher = {Pearson Education New Jersey},
year = {2008}
}
@Article{Otsu_tresholding,
author = {Otsu N},
title = {A threshold selection method from gray-level histograms},
journal = {IEEE transactions on systems, man, and cybernetics},
year = {1979}
}

@InProceedings{Nguyen_initialization,
author = {Nguyen D, Widrow B},
title = {Improving the learning speed of 2-layer neural neural network by choosing initial values of the adaptive weights},
booktitle = {IEEE International Joint Conference on Neural Networks},
year = {1992}
}

@Article{Sigmoid_activation,
author = {Karlik B, Olgac AV},
title = {Performance analysis of various activation functions in generalized MLP architectures of neural networks},
journal = {International
Journal of Artificial Intelligence and Expert Systems},
year = {2011}
}

@InProceedings{Wilson_learning_rate,
author = {Wilson DR, Martinez TR},
title = {The need for small learning rates on large problems},
booktitle = {Proceedings. IJCNN'01. International
Joint Conference},
year = {2001}
}

@Article{thumb_rule,
author = {Karsoliya S},
title = {Approximating number of hidden layer neurons in multiple hidden layer BPNN architecture},
journal = {International Journal of Engineering
Trends and Technology},
year = {2012}
}

