@TechReport{caltech256_report,
author = {Griffin G. and Holub AD. and Perona P. },
title = {The Caltech 256},
institution = {California Institute of Technology},
year = {2006}
}

@InProceedings{caltech101,
author = {L. Fei-Fei and R. Fergus and P. Perona},
title = {One-Shot learning of object
categories},
booktitle = {Pattern Recognition and Machine Intelligence},
year = {2004}
}

@article{corel,
title={MILES: Multiple-instance learning via embedded instance selection},
author={Chen, Yixin and Bi, Jinbo and Wang, James Z},
journal={Pattern Analysis and Machine Intelligence, IEEE Transactions on},
volume={28},
number={12},
pages={1931--1947},
year={2006},
publisher={IEEE}
}

@article{ILSVRC15,
Author = {Olga Russakovsky and Jia Deng and Hao Su and Jonathan Krause and Sanjeev Satheesh and Sean Ma and Zhiheng Huang and Andrej Karpathy and Aditya Khosla and Michael Bernstein and Alexander C. Berg and Li Fei-Fei},
Title = {{ImageNet Large Scale Visual Recognition Challenge}},
Year = {2015},
journal   = {International Journal of Computer Vision (IJCV)},
doi = {10.1007/s11263-015-0816-y},
volume={115},
number={3},
pages={211-252}
}

@Article{Metrics_fmeasure,
author = {Powers and David M. W.},
title = {Evaluation: From Precision, Recall and F-Measure to ROC, Informedness, Markedness \& Correlation},
journal = {Journal of Machine Learning Technologies},
year = {2011},
pages = {37-63}
}

@Inbook{Average_precision,
author="Zhang, Ethan
and Zhang, Yi",
title="Average Precision",
bookTitle="Encyclopedia of Database Systems",
year="2009",
publisher="Springer US",
address="Boston, MA",
pages="192--193",
isbn="978-0-387-39940-9",
doi="10.1007/978-0-387-39940-9_482",
url="https://doi.org/10.1007/978-0-387-39940-9_482"
}

@article{Relevance_feedback,
author={Y. Rui and T. S. Huang and M. Ortega and S. Mehrotra},
title ="Relevance feedback: A power tool for interactive content-based image retrieval",
year = "1998",
doi = "10.1109/76.718510",
volume = "8",
pages = "644--655",
journal = "IEEE Transactions on Circuits and Systems for Video Technology",
issn = "1051-8215",
publisher = "Institute of Electrical and Electronics Engineers Inc.",
number = "5",
}

@article{Recent_advanceCBIR,
author = {Wengang Zhou and Houqiang Li and Qi Tian},
title = {Recent Advance in Content-based Image Retrieval: {A} Literature Survey},
journal = {CoRR},
volume = {abs/1706.06064},
year = {2017},
url = {http://arxiv.org/abs/1706.06064},
archivePrefix = {arXiv},
eprint = {1706.06064},
timestamp = {Mon, 03 Jul 2017 13:29:02 +0200},
biburl = {http://dblp.org/rec/bib/journals/corr/ZhouLT17},
bibsource = {dblp computer science bibliography, http://dblp.org}
}

@inproceedings{DeepLearning_comprehensive,
title={Deep Learning for Content-Based Image Retrieval: A Comprehensive Study},
author={Ji Wan and Dayong Wang and Steven C. H. Hoi and Pengcheng Wu and Jianke Zhu and Yongdong Zhang and Jintao Li},
booktitle={ACM Multimedia},
year={2014}
}