@Book{Kosaraju,
author = {Alfred V. Aho, John E. Hopcroft, Jeffrey D. Ullman},
title = {Data Structures and Algorithms},
publisher = {Addison-Wesley},
year = {1983}
}

@Article{Tarjan,
author = {Tarjan, R. E},
title = {Depth-first search and linear graph algorithms},
journal = {SIAM Journal on Computing},
year = {1972}
}

@Book{Skina,
author = {Steven S. Skiena},
title = {The Algorithm Design Manual},
publisher = {Springer Publishing Company},
year = {2008}
}